Block Clique for completely positive matrices
@Book{berman2003completely,
 author = {Berman, Abraham},
 title = {Completely positive matrices},
 publisher = {World Scienfic},
 year = {2003},
 address = {River Edge, N.J},
 isbn = {9789812383686}
 }
 
 Summary of Copositive
 @article{bomze2012copositive,
  title={Copositive optimization--recent developments and applications},
  author={Bomze, Immanuel M},
  journal={European Journal of Operational Research},
  volume={216},
  number={3},
  pages={509--520},
  year={2012},
  publisher={Elsevier}
}
 
 Gap of FW4 and DNN
 @article{burer2009difference,
  title={The difference between 5$\times$ 5 doubly nonnegative and completely positive matrices},
  author={Burer, Samuel and Anstreicher, Kurt M and D{\"u}r, Mirjam},
  journal={Linear Algebra and its Applications},
  volume={431},
  number={9},
  pages={1539--1552},
  year={2009},
  publisher={Elsevier}
}

Graph Stability
 @article{de2002approximation,
  title={Approximation of the stability number of a graph via copositive programming},
  author={De Klerk, Etienne and Pasechnik, Dmitrii V},
  journal={SIAM Journal on Optimization},
  volume={12},
  number={4},
  pages={875--892},
  year={2002},
  publisher={SIAM}
}

High order cones
@misc{ding2018higherorder,
    title={Higher-Order Cone Programming},
    author={Lijun Ding and Lek-Heng Lim},
    year={2018},
    eprint={1811.05461},
    archivePrefix={arXiv},
    primaryClass={math.OC}
}

Symmetry 
@article{dobre2015exploiting,
  title={Exploiting symmetry in copositive programs via semidefinite hierarchies},
  author={Dobre, Cristian and Vera, Juan},
  journal={Mathematical Programming},
  volume={151},
  number={2},
  pages={659--680},
  year={2015},
  publisher={Springer}
}

SDD inner CP approximation
@misc{gouveia2018inner,
    title={Inner approximating the completely positive cone via the cone of scaled diagonally dominant matrices},
    author={Jo√£o Gouveia and Ting Kei Pong and Mina Saee},
    year={2018},
    eprint={1807.00379},
    archivePrefix={arXiv},
    primaryClass={math.OC}
}
 
 @article{grone1984positive,
  title={Positive definite completions of partial Hermitian matrices},
  author={Grone, Robert and Johnson, Charles R and S{\'a}, Eduardo M and Wolkowicz, Henry},
  journal={Linear Algebra Appl.},
  volume={58},
  pages={109--124},
  year={1984},
  publisher={Elsevier}
}
 
 Chordal graph for copositive matrices
 @article{hogben2005copositive,
  title={The copositive completion problem},
  author={Hogben, Leslie and Johnson, Charles R and Reams, Robert},
  journal={Linear Algebra and Its Applications},
  volume={408},
  pages={207--211},
  year={2005},
  publisher={Elsevier}
}

PSD agler proof
@article{Kakimura2010,
  doi = {10.1016/j.laa.2010.04.012},
  url = {https://doi.org/10.1016/j.laa.2010.04.012},
  year = {2010},
  month = oct,
  publisher = {Elsevier {BV}},
  volume = {433},
  number = {4},
  pages = {819--823},
  author = {Naonori Kakimura},
  title = {A direct proof for the matrix decomposition of chordal-structured positive semidefinite matrices},
  journal = {Linear Algebra and its Applications}
}

Parrilo's big thesis
@phdthesis{parrilo2000structured,
  title={Structured semidefinite programs and semialgebraic geometry methods in robustness and optimization},
  author={Parrilo, Pablo A},
  year={2000},
  school={California Institute of Technology}
}

Pena Hierarchy 
@article{pena2007computing,
  title={Computing the stability number of a graph via linear and semidefinite programming},
  author={Pena, Javier and Vera, Juan and Zuluaga, Luis F},
  journal={SIAM Journal on Optimization},
  volume={18},
  number={1},
  pages={87--105},
  year={2007},
  publisher={SIAM}
}

@article{zheng2019block,
  title={Block Factor-width-two Matrices and Their Applications to Semidefinite and Sum-of-squares Optimization},
  author={Zheng, Yang and Sootla, Aivar and Papachristodoulou, Antonis},
  journal={arXiv preprint arXiv:1909.11076},
  year={2019}
}